1024 1434
404 108 395 41 aint Pol docteur de verite nous dit/ q̃

405 141 395 41 toutes choſes reduites par eſcript ſont

408 172 392 38 a nrē doctrine eſcriptes. Et Boece fait

406 204 390 39 mencion que diverſement le ſalut d'ung

409 235 389 41 chūn procede/ puys quainſi eſt que la

404 266 393 39 foy criſtienne eſt aſſez par les docteurs

401 298 395 39 de ſainte egliſe corroboree/ neātmoins

413 329 384 38 les choſes paſſees diverſement a me

168 358 629 41 moire reduites nous engendrent correction de vie illicite/ car

168 389 628 41 les ouvrages des anciens ſont pour no rendre a vivre en ope

164 425 634 33 racion digne de ſalut en ſuyvant les bons et en evitant les mau

166 455 634 38 vais/ Et auſſi en racontant hiſtoires haultaines l'entendement

164 489 632 35 cōmun eſt miuelx content a retenir pour la ymaginacion locale

163 516 633 40 a laquelle il eſt ſubmis Je dy cecy voulētiers/ car ſouvente ffois

164 548 632 39 iay eſte exite de la part de venerable hōme meſſire Henri Bolo

161 579 635 40 mier chanoine de Lauſanne pour reduire a ſon plaiſir aulcunes

160 611 635 39 hiſtoires tant en latin cōme en romant et en aultre facon eſcrip

160 642 636 39 tes/ ceſt a ſſavoir de celluy treſ puiſſant virtueux et noble Charles

160 673 635 40 le grant roy de France & empereur de Rōme filz du grant roy Pe

160 705 634 39 pin et de les princes et barons cōme Rollant Olivier et aultres

160 737 634 35 tant qu'il touche aulcune oeuvres haultaines par leur grāt for

159 767 634 40 ce/ et treſ ardant courage a la exaltacion de la foy criſtienne fcēs

159 800 634 39 et a la confuſion des ſarrazins et meſcreans queſt oeuvre bien

159 831 629 41 contemplative a bien vivre. Et pour ce que ledit meſſire Henry

159 865 632 35 Bolomier a veude ceſte matiere defiointe ſans grant ordonnā

159 898 631 35 ce a ſa requeſte ſelon la capacite de mon petit entendement/ Et

158 928 632 36 ſelon la matiere q̃ je n'ay peu trouver j'ay ordonne ceſtuy livre

159 959 630 37 & peult eſtre q̃ ſe je fuſſe informe a plain je euſſe mieulx fait/ car

160 991 628 38 je n'ay intencion de deduire matiere q̃ je n'en ſoye informe pre

160 1023 628 39 mierement tant par ung livre auctentique qui ſe dit miroer hiſto

160 1058 627 47 rial/comme par les canoniques et aulcuns aultres livres
