3043 1176
1277 98 532 33 lianus elle luy donna en la main une piece d'or/et tantoſt celluy

1276 124 533 36 come bien content baisa la main de la dame/ Quant ceſte dame

1276 152 532 34 fut en ſa chan bre elle comenca co giter a celluy poure qui luy

1276 179 533 33 auoit baiſe la main/ et le tramiſt querre par la ſeruante/ Quant

1275 203 534 36 il le ſceut il vint a elle moult io yeuſement et portoit en ſa main

1274 233 535 33 lanel du roy cloys et hublemente tint deuant elle/ La fille luy

1273 258 536 35 cõmenca dire/ Dy moy pour quoy diſſimules tu les poures/ au

1273 286 535 34 re li anus reſpond madame/ ſachies pour verite que ie ſuys meſ

1272 311 537 35 ſagier du noble roy cloys roy de frace qͥ ma envoye a vous/ le

1274 338 536 35 quel informe de vrẽ beaulte et ſageſſe vous veult avoir a fem

1273 365 537 34 me pour eſtte la royne/ et luy preſenta benignement lanel du

1274 391 536 36 roy cloys laquelle le priſt et le miſt au treſor de agabondus ſon

1276 418 530 36 oncle et diſt au meſſagier/ quelle rendoit ſalut au roy En luy ex

1275 444 535 33 poſant qu'il n'eſtoit pas choſe licite a ung paien d'auoir a femme

1274 470 536 36 vne criſtienne/ touteffois ce lluy la pria que de tont cecy ne diſt

1272 495 537 38 mot/ et quelle ne voulſiſt faire fi non come le roy vouloit/ Et ſur

1272 524 537 35 ce point aurelianus ſen vint tout denuncer au roy pourquoy le

1272 550 537 37 roy cloys lan enſuyuant renvoya ſon meſſagier aurelianus a a

1274 578 535 34 gabondus oncle de clotidis pour lauoir a femme. Quant aga

1272 603 536 36 bondus ſceut lintencion du roy cloys il reſpont au meſlagier di

1271 631 539 34 hardiment au roy ton ſeigneur quil pert bien ſa parolle en deſi

1272 657 537 36 rant davoir ma niepce a femme/  mais les bourgongnõs ſages

1272 683 537 36 conseilliers redoubtans la puiſſance du roy cloys par bon con

1271 709 538 36 ſeil deliberez quat ilz eurent bien cherchies les treſors de aga

1271 736 537 36 bondus leur roy ilz vont trouver l'anel du roy cloys que clotil

1272 762 538 38 dis y avoit mis/, queſtoit eſcript & pourtrait de ſon ymage fi vont

1271 789 539 36 conclure a parſaire la voulente du roy cloys. Et ſur ce point a

1273 816 538 33 gabondus furieulx et plain de ire delivra la belle clotidis a au

1271 842 537 38 relianus et la mena avec les gens a grant ioye au roy coys ſon

1274 868 534 38 ſeigneur lequel eut grant plaiſir de veoir ceſte belle fille/ et a

1272 894 537 58 toutes les ſolemnitez par maniere royalle leſpoſa a ioye ſelon
