3043 1176
1239 101 527 36 Cõment le roy cloys paien eut a femme la noble Clotildis fil

1235 126 527 43 le du roy de bourgongne & allez merveilleuſemẽt. Le ſecod cha

1308 170 461 48 En celluy temps eſtoit roy des bourgognons Ginden

1308 207 461 37 gus lequel avoit quatre filz ioun de grant eage. Ceſt

1304 233 465 36 a ſſavoir Agabondus. Le ſecond Godegifilus. Le tiers

1234 259 530 37 Hiſpericus. Et le quart Godomarus. Ceſtuy premier Agabondꝰ

1234 285 533 37 remply de grant iniquite miſt a mort de glaive ſon frere Hiſperi

1232 312 536 38 cus/ Et  il filt prendre ſa femme et mettre une peſante pier

1234 339 536 34 re ou col et la fiſt noyer. Ceſtuy Heſpericus avoit deux belles

1233 365 536 36 filles : l'anciene avoit nom Trone laquelle Agabondus ſon oncle

1233 391 537 38 baniſt de ſon pays/ et l'envoya en habit diſſimule/ la plus ieune

1233 417 540 36 de ces filles avoit nom clotildiſ/ et ceſte cy pour la beaulte reteint

1233 444 538 36 auec luy en ſa maiſon. Duarant cecy le roy cloys paienet qui ne

1233 471 537 37 creoit avec ſes ſubgetz ſi non es ydolles. Couventeffois pour

1232 497 540 39 ſes affaires envoyoit ſes meſſagiers en Bourgongne/ Clonldis

1232 525 537 36 ceſte pucelle fut ſouvẽteffois veue des meſſlagiers du roy cloys

1233 550 539 38 et regardee affectueuſement et pour ſa grant beaute et diſcreci

1232 576 535 39 on les meſſagiers du roy cloys la luy notiffierẽt. Et quãt ceſtuy

1233 603 537 38 roy cloys fut aſlez informe de la beaulte et fageſſe de ceſte pu

1233 629 538 36 celle criſtẽne il fut moult curieulx de tranſmettre ſes heraulx A

1234 657 536 38 gabondus l'oncle de ceſte fille pour l'avoir a mariage. Durant

1233 682 539 37 ces iours le roy cloys avoit ung ſubtil homme avec luy qui le di

1233 710 539 36 ſoit Aurelianus lequel du cõmandement de ſon ſeigneur len vint

1233 737 539 36 la ou eſtoit ceſte fille/ et ſe miſt en habit moult povre et diſſimule

1233 762 540 35 et len bons habis il laiſſa a ſes compaignons au bois/ & ſen vint

1233 789 538 38 moult ſainctement devant la mere egliſe de celluy lieu le iour

1233 816 537 34 d'une bonne ſeſte et ſe miſt au milleu des povres pour receroir

1233 842 533 34 l'aulmoſne cõme lea aultres. Quant l'offiice fut acomply ceſte fi

1234 868 537 39 le Clotidis ſelon quelle avoit de couſtume au partir de l'egliſe co

1233 897 539 59 menca a donner l'aulmoſne aux povres. Quant elle vint a Aure
